@INPROCEEDINGS{Gajbhiye_2014, 
author={Gajbhiye, A. and Shrivastva, K.M.P.}, 
booktitle={Confluence The Next Generation Information Technology Summit (Confluence), 2014 5th International Conference -}, 
title={Cloud computing: Need, enabling technology, architecture, advantages and challenges}, 
year={2014}, 
pages={1-7}, 
keywords={Web services;cloud computing;software reliability;Amazon Web services cloud computing;IT services;IaaS;PaaS;SaaS;cloud computing reference model;managing IT infrastructure;reliability;Cloud computing;Computational modeling;Hardware;Organizations;Servers;Virtualization;Bigtable;Cloud computing;Hadoop;MapReduce;Reference architecture;Virtualization;Web services}, 
doi={10.1109/CONFLUENCE.2014.6949224}, 
month={Sept},}

@misc{Dialogic_Corporation,
  author={Dialogic Corporation},
  title = {Introduction to Cloud Computing},
  year={2010},
  month={jul},
}

@misc{Oracle,
  author={Oracle Corporation},
  title = {Making Infrastructure-as-a-Service in the Enterprise a Reality},
  year={2012},
  month={apr},
}

@misc{AWS_Overview,
  author={Sajee Mathew},
  title = {Overview of Amazon Web Services},
  year={2014},
  month={nov},
}



